@book{blanco2012,
    author = {Blanco, Luisa},
    title = {The Impact of Insecurity on Democracy and Trust in Institutions in Mexico},
    address = {Santa Monica, CA},
    year = {2012},
    doi = {10.7249/WR940},
    publisher = {RAND Corporation}
}

@mastersthesis{randau2022,
   author = {Randau, M{\aa}rten},
   institution = {Uppsala University, Department of Economics},
   pages = {41},
   school = {Uppsala University, Department of Economics},
   title = {The Impact of Violence on Interpersonal and Institutional Trust : Evidence from Mexico},
   year = {2022}
}

@article{corbacho2015,
    title = {Crime and Erosion of Trust: Evidence for Latin America},
    author = {Corbacho, Ana and Philipp, Julia and Ruiz-Vega, Mauricio},
    year = {2015},
    journal = {World Development},
    volume = {70},
    number = {C},
    pages = {400-415},
    url = {https://EconPapers.repec.org/RePEc:eee:wdevel:v:70:y:2015:i:c:p:400-415}
}

@techreport{corbacho2012,
    address = {Washington, DC},
    author = {Ana Corbacho and Julia Philipp and Mauricio Ruiz-Vega},
    copyright = {http://www.econstor.eu/dspace/Nutzungsbedingungen},
    keywords = {330},
    language = {eng},
    number = {IDB-WP-344},
    publisher = {Inter-American Development Bank (IDB)},
    title = {Crime and erosion of trust: Evidence for Latin America},
    type = {IDB Working Paper Series},
    url = {https://hdl.handle.net/10419/89042},
    year = {2012}
}

@article{fernandez2010,
    author = {Kenneth E. Fernandez and Michele Kuenzi},
    title ={Crime and Support for Democracy in Africa and Latin America},
    journal = {Political Studies},
    volume = {58},
    number = {3},
    pages = {450-471},
    year = {2010},
    doi = {10.1111/j.1467-9248.2009.00802.x}
}

@article{ceobanu2010,
    author = {Ceobanu, Alin M. and Wood, Charles H. and Ribeiro, Ludmila},
    title = {Crime Victimization and Public Support for Democracy: Evidence from Latin America},
    journal = {International Journal of Public Opinion Research},
    volume = {23},
    number = {1},
    pages = {56-78},
    year = {2010},
    month = {12},
    issn = {0954-2892},
    doi = {10.1093/ijpor/edq040}
}

@article{malone2014,
    author = {Shannon I. Smithey and Mary Fran T. Malone},
    title = {Crime and Public Support for the Rule of Law in Latin America and Africa},
    journal = {African Journal of Legal Studies},
    year = {2014},
    publisher = {Brill | Nijhoff},
    address = {Leiden, The Netherlands},
    volume = {6},
    number = {2-3},
    doi = {10.1163/17087384-12342034},
    pages = {153-169}
}

@article{blanco2013,
    author = {Blanco, Luisa and Ruiz, Isabel},
    title = {The Impact of Crime and Insecurity on Trust in Democracy and Institutions},
    journal = {American Economic Review},
    volume = {103},
    number = {3},
    year = {2013},
    month = {May},
    pages = {284-88},
    doi = {10.1257/aer.103.3.284},
}

@article{blanco2013b,
  author = {Blanco, Luisa},
  title = {{The impact of crime on trust in institutions in Mexico}},
  journal = {European Journal of Political Economy},
  year = {2013},
  volume = {32},
  number = {C},
  pages = {38-55},
  month = {},
  doi = {10.1016/j.ejpoleco.2013.0},
  url = {https://ideas.repec.org/a/eee/poleco/v32y2013icp38-55.html}
}

@article{acemoglu2003,
  author = {Acemoglu, Daron and Johnson, Simon and Robinson, James and Thaicharoen, Yunyong},
  title = {{Institutional causes, macroeconomic symptoms: volatility, crises and growth}},
  journal = {Journal of Monetary Economics},
  year = {2003},
  volume = {50},
  number = {1},
  pages = {49-123},
  month = {January},
  doi = {},
  url = {https://ideas.repec.org/a/eee/moneco/v50y2003i1p49-123.html}
}

@article{cozzubo2021,
  author = {Angelo Cozzubo and Elard Amaya and Juan Cueto},
  title = {{The social costs of crime: the erosion of trust between citizens and public institutions}},
  journal = {Economics of Governance},
  year = {2021},
  volume = {22},
  number = {2},
  pages = {93-117},
  month = {June},
  doi = {10.1007/s10101-021-00251-}
}

@article{lo_iacono2019,
  title = {Law-breaking, fairness, and generalized trust: The mediating role of trust in institutions},
  author = {Lo Iacono, Sergio},
  journal = {PLoS One},
  volume = {14},
  number = {8},
  pages = {e0220160},
  year = {2019},
  publisher = {Public Library of Science},
  doi = {10.1371/journal.pone.0220160},
  PMID = {31390348},
  PMCID = {PMC6685600},
  url = {https://doi.org/10.1371/journal.pone.0220160},
  issn = {1932-6203},
  language = {eng}
}

@article{malone2010,
  author = {Malone, Mary Fran},
  title = {Does Crime Undermine Public Support for Democracy? Evidence from Central America and Mexico},
  year = {2010},
  month = {9},
  day = {4},
  url = {https://ssrn.com/abstract=1668789},
  doi = {10.2139/ssrn.1668789}
}

@article{hiskey2020,
    author = {Jonathan Hiskey and Mary Fran T. Malone and Alejandro Diaz-Dominguez},
    title ={Authoritarian Recall: Mexico’s Drug War and Subnational Patterns of Opposition to Democracy},
    journal = {Journal of Politics in Latin America},
    volume = {12},
    number = {1},
    pages = {3-31},
    year = {2020},
    doi = {10.1177/1866802X20913287}
}

@article{bateson2010,
    author = {Bateson, Regina},
    title ={The Criminal Threat to Democratic Consolidation in Latin America},
    journal = {APSA 2010 Annual Meeting Pape},
    year = {2010},
    url = {https://ssrn.com/abstract=1643239}
}

@book{putnam1994,
  title = {Making Democracy Work: Civic Traditions in Modern Italy},
  author = {Putnam, R.D. and Leonardi, R. and Nanetti, R.Y.},
  isbn = {9781400820740},
  lccn = {92018377},
  series = {Book collections on Project MUSE},
  year = {1994},
  publisher = {Princeton University Press}
}

@article{malone2010a,
    author = {Mary Fran T. Malone},
    title ={The Verdict is in: The Impact of Crime on Public Trust in Central American Justice Systems},
    journal = {Journal of Politics in Latin America},
    volume = {2},
    number = {3},
    pages = {99-128},
    year = {2010},
    doi = {10.1177/1866802X1000200304},
    eprint = {https://doi.org/10.1177/1866802X1000200304}
}

@inproceedings{weyland2003,
  title = {Political repercussions of crime and violence in Latin America},
  author = {Weyland, Kurt},
  booktitle = {An essay for the conference on culture and peace: Violence, politics, and representation in the Americas. University of Texas at Austin},
  year = {2003}
}

@misc{pardo2021,
    author = {Pardo Veiras, J.L and Arredondo, I.},
    title = {{U}na guerra inventada y 350,000 muertos en {M}éxico},
    howpublished = {\url{https://www.washingtonpost.com/es/post-opinion/2021/06/14/mexico-guerra-narcotrafico-calderon-homicidios-desaparecidos/}},
    year = {2021},
    note = {[Accessed 20-05-2024]},
}

@misc{barlaz2024,
    author = {Marissa Barlaz},
    title = {Ordinal logistic regression in R},
    howpublished = {\url{https://marissabarlaz.github.io/portfolio/ols/}},
    year = {2024},
    note = {[Accessed 22-05-2024]}
}

@misc{McNulty,
    author = {Keith McNulty},
    title = {Proportional Odds Logistic Regression for Ordered Category Outcomes. Handbook of Regression Modeling in People Analytics: With Examples in R, Yython and Julia},
    howpublished = {\url{https://peopleanalytics-regression-book.org/ord-reg.html}},
    year = {},
    note = {[Accessed 22-05-2024]}
}

@misc{kurz,
    author = {Solomon Kurz},
    title = {Causal inference with ordinal regression},
    howpublished = {\url{https://solomonkurz.netlify.app/blog/2023-05-21-causal-inference-with-ordinal-regression/}},
    year = {},
    note = {[Accessed 22-05-2024]}
}